% Encoding: UTF-8

@INPROCEEDINGS{senkou,
  author={Matsuda, Yuki and Ueda, Kentaro and Taya, Eigo and Suwa, Hirohiko and Yasumoto, Keiichi},
  booktitle={2023 Fourteenth International Conference on Mobile Computing and Ubiquitous Network (ICMU)}, 
  title={BLECE: BLE-Based Crowdedness Estimation Method for Restaurants and Public Facilities}, 
  year={2023},
  volume={},
  number={},
  pages={1-6},
  keywords={Urban areas;Estimation;Data integration;Feature extraction;Smart phones;Public transportation;Mobile computing;Smart City;IoT;Crowdedness Estimation;Blue-tooth Low Energy},
  doi={10.23919/ICMU58504.2023.10412158}}

@Misc{GitHub,
  howpublished = {https://github.co.jp/},
  month        = mar,
  title        = {GitHub},
  year         = {2025},
}

@Misc{Git,
  howpublished = {https://git-scm.com/},
  month        = dec,
  title        = {Git},
  year         = {2023},
}

@Misc{Notion,
  howpublished = {https://www.notion.com/},
  month        = mar,
  title        = {Notion},
  year         = {2025},
}

@Misc{Discord,
  howpublished = {https://discord.com/},
  month        = mar,
  title        = {Discord},
  year         = {2025},
}

@Misc{Docker,
  howpublished = {https://docs.docker.jp/},
  month        = apr,
  title        = {Docker},
  year         = {2025},
}

@Misc{society5.0,
  author = {内閣府},
  note   = {アクセス日: 2025年4月9日},
  title  = {Society 5.0},
  year   = {2025},
  url    = {https://www8.cao.go.jp/cstp/society5_0/index.html},
}

@article{scikit-learn,
  title={Scikit-learn: Machine Learning in {P}ython},
  author={Pedregosa, F. and Varoquaux, G. and Gramfort, A. and Michel, V.
          and Thirion, B. and Grisel, O. and Blondel, M. and Prettenhofer, P.
          and Weiss, R. and Dubourg, V. and Vanderplas, J. and Passos, A. and
          Cournapeau, D. and Brucher, M. and Perrot, M. and Duchesnay, E.},
  journal={Journal of Machine Learning Research},
  volume={12},
  pages={2825--2830},
  year={2011}
}

@inproceedings{akiba2019optuna,
  title={{O}ptuna: A Next-Generation Hyperparameter Optimization Framework},
  author={Akiba, Takuya and Sano, Shotaro and Yanase, Toshihiko and Ohta, Takeru and Koyama, Masanori},
  booktitle={The 25th ACM SIGKDD International Conference on Knowledge Discovery \& Data Mining},
  pages={2623--2631},
  year={2019}
}

@Comment{jabref-meta: databaseType:bibtex;}
