% Encoding: UTF-8

@article{backpropagatin,
  title   = {Learning representations by back-propagating errors},
  author  = {David E. Rumelhart and Geoffrey E. Hinton and Ronald J. Williams},
  journal = {Nature},
  year    = {1986},
  volume  = {323},
  pages   = {533-536},
  url     = {https://api.semanticscholar.org/CorpusID:205001834}
}